@misc{website:projeto-cgt,
  author={CGT},
  year={2015},
  title={Ceará Game Tools: Sobre o Projeto},
  url={http://www.cgt.ifce.edu.br/sobre.php},
  urlaccessdate={15.11.2015}
}

@misc{website:projeto-cgt-repo,
  author={CGT},
  year={2015},
  title={Repositório do código fonte do projeto Ceará Game Tools hospedado na plataforma Github},
  url={https://github.com/hexat/projetocgt},
  urlaccessdate={9.12.2015}
}


@monography{monografia:aquino,
  address={Fortaleza},
  author={Vitor Gonçalves de Aquino},
  school={Instituto Federal de Educação, Ciência e Tecnologia do Ceará},
  title={Ceará Game Tools: Uma ferramenta de software livre para geração  automática de games},
  type={Bacharel em Engenharia de Computação},
  year={2015},
  pages={79}
}
